<?xml version="1.0" encoding="UTF-8"?><record xmlns="http://www.loc.gov/MARC21/slim" xmlns:cinclude="http://apache.org/cocoon/include/1.0" xmlns:zs="http://www.loc.gov/zing/srw/">
  <leader>00386nz  a2200121n  4500</leader>
  <controlfield tag="001">nr2005006534</controlfield>
  <controlfield tag="003">DLC</controlfield>
  <controlfield tag="005">20050311033111.0</controlfield>
  <controlfield tag="008">050310n| acannaabn          |n aaa     c</controlfield>
  <datafield tag="010" ind1=" " ind2=" ">
    <subfield code="a">nr2005006534</subfield>
  </datafield>
  <datafield tag="040" ind1=" " ind2=" ">
    <subfield code="a">UkCU</subfield>
    <subfield code="b">eng</subfield>
    <subfield code="c">UkCU</subfield>
  </datafield>
  <datafield tag="100" ind1="1" ind2=" ">
    <subfield code="a">Kolvin, Philip</subfield>
  </datafield>
  <datafield tag="670" ind1=" " ind2=" ">
    <subfield code="a">Licensed premises, c2004:</subfield>
    <subfield code="b">t.p. (by Philip Kolvin, MA (Oxon); barrister, 2-3 Grays Inn Square; chairman, Institute of Licensing)</subfield>
  </datafield>
</record>